@misc{li2024steering,
      title={Steering LLMs Towards Unbiased Responses: A Causality-Guided Debiasing Framework}, 
      author={Jingling Li and Zeyu Tang and Xiaoyu Liu and Peter Spirtes and Kun Zhang and Liu Leqi and Yang Liu},
      year={2024},
      eprint={2403.08743},
      archivePrefix={arXiv},
      primaryClass={cs.CL}
}

@misc{zhao2018gender,
      title={Gender Bias in Coreference Resolution: Evaluation and Debiasing Methods}, 
      author={Jieyu Zhao and Tianlu Wang and Mark Yatskar and Vicente Ordonez and Kai-Wei Chang},
      year={2018},
      eprint={1804.06876},
      archivePrefix={arXiv},
      primaryClass={cs.CL}
}

@misc{sheng2019bias,
        title = {The Woman Worked as a Babysitter: On Biases in Language Generation},
        author = {Emily Sheng and Kai-Wei Chang and Premkumar Natarajan and Nanyun Peng},
        year = {2019},
        eprint = {1909.01326},
        arhivePrefix = {arXiv},
        primaryClass={cs.CL}

}